@inproceedings{Distribution_Propagation2,
	author = {Tsuda, Koji},
	title = {Propagating Distributions on a Hypergraph by Dual Information Regularization},
	booktitle = {Proceedings of the 22Nd International Conference on Machine Learning},
	year = {2005},
	pages = {920-927},
}

@INPROCEEDINGS{Govindu2005, 
author={V. M. Govindu}, 
booktitle={2005 IEEE Computer Society Conference on Computer Vision and Pattern Recognition (CVPR'05)}, 
title={A tensor decomposition for geometric grouping and segmentation}, 
year={2005}, 
volume={1}, 
number={}, 
pages={1150-1157 vol. 1},
doi={10.1109/CVPR.2005.50}, 
ISSN={1063-6919}, 
month={June},}

@article{Hyper_Spatial,
	author = {E. Demir and C. Aykanat and B. B. Cambazoglu},
	doi = {10.1016/j.is.2007.04.001},
	issn = {0306-4379},
	journal = {Information Systems},
	number = {1},
	pages = {1--17},
	title = {{Clustering spatial networks for aggregate query processing: A hypergraph approach}},
	volume = {33},
	year = {2008}
}

@article{KBG2018,
  title={Stochastic Block Model for Hypergraphs: Statistical limits and a semidefinite programming approach},
  author={Kim, Chiheon and Bandeira, Afonso S and Goemans, Michel X},
  journal={arXiv preprint arXiv:1807.02884},
  year={2018}
}

@book{CSZ2006,
  title={{Semi-supervised Learning}},
  author={Chapelle, O. and Sch{\"o}lkopf, B. and Zien, A.},
  isbn={9780262033589},
  lccn={2011288034},
  series={Adaptive computation and machine learning},
  year={2006},
  publisher={MIT Press}
}

@Article{MNPR2006,
author="Mukherjee, Sayan
and Niyogi, Partha
and Poggio, Tomaso
and Rifkin, Ryan",
title="Learning theory: stability is sufficient for generalization and necessary and sufficient for consistency of empirical risk minimization",
journal="Advances in Computational Mathematics",
year="2006",
month="Jul",
day="01",
volume="25",
number="1",
pages="161--193",
issn="1572-9044",
doi="10.1007/s10444-004-7634-z"
}



@article{KHT2009,
  title={Hypergraphs and cellular networks},
  author={Klamt, Steffen and Haus, Utz-Uwe and Theis, Fabian},
  journal={PLoS computational biology},
  volume={5},
  number={5},
  pages={e1000385},
  year={2009},
  publisher={Public Library of Science}
}

@article{GZCN2009,
  title={Random hypergraphs and their applications},
  author={Ghoshal, Gourab and Zlati{\'c}, Vinko and Caldarelli, Guido and Newman, MEJ},
  journal={Physical Review E},
  volume={79},
  number={6},
  pages={066118},
  year={2009},
  publisher={APS}
}

@article{MN2012,
  title={Alignment and integration of complex networks by hypergraph-based spectral clustering},
  author={Michoel, Tom and Nachtergaele, Bruno},
  journal={Physical Review E},
  volume={86},
  number={5},
  pages={056111},
  year={2012},
  publisher={APS}
}

@incollection{Distribution_Propagation1,
	title = {Distributed Information Regularization on Graphs},
	author = {A. Corduneanu and T. S. Jaakkola},
	booktitle = {Advances in Neural Information Processing Systems},
	pages = {297--304},
	year = {2005},
	publisher = {MIT Press},
}

@ARTICLE{Yury_Wasserstein, 
	author={Y. Polyanskiy and Y. Wu}, 
	journal={IEEE Trans. Inf. Theory}, 
	title={Wasserstein Continuity of Entropy and Outer Bounds for Interference Channels}, 
	year={2016}, 
	volume={62}, 
	number={7}, 
	pages={3992-4002}, 
	month={July},}

@article{CE2010,
	author = {G. Carlier and I. Ekeland},
	journal = {Economic Theory},
	number = {2},
	pages = {397--418},
	publisher = {Springer},
	title = {{Matching for Teams}},
	volume = {42},
	year = {2010}
}

@article{Wasserstein_Barycenter,
	author = {Agueh, M. and Carlier, G.},
	title = {Barycenters in the Wasserstein Space},
	journal = {SIAM Journal on Mathematical Analysis},
	volume = {43},
	number = {2},
	pages = {904-924},
	year = {2011},}





@TECHREPORT{Seeger01learningwith,
	author = {Matthias Seeger},
	title = {Learning with labeled and unlabeled data},
	institution = {University of Edinburgh},
	year = {2001}
}

@TECHREPORT{Zhu06SSL,
	author = {Xiaojin Zhu},
	title = {{Semi-Supervised Learning Literature Survey}},
	institution = {University of Wisconsin-Madison},
	year = {2008}
}

@inproceedings{Zhu:SSL_Gaussian,
	author = {Zhu, X. and Ghahramani, Z. and Lafferty, J.},
	title = {Semi-supervised Learning Using Gaussian Fields and Harmonic Functions},
	booktitle = {Proceedings of the Twentieth International Conference on International Conference on Machine Learning},
	series = {ICML'03},
	year = {2003},
	isbn = {1-57735-189-4},
	pages = {912--919},
} 

@Article{SSL_Measure_Propagation,
	author = 	 {A. Subramanya and J. Bilmes},
	title = 	 {Semi-Supervised Learning with Measure Propagation},
	journal = 	 {Journal of Machine Learning Research},
	year = 	 {2011},
	volume = 	 {12},
	pages = 	 {3311-3370},
	month = 	 {Nov.},
}


@inproceedings{Solomon:2014,
	author = {Solomon, J. and Rustamov, R. M. and Guibas, L. and Butscher, A.},
	title = {Wasserstein Propagation for Semi-supervised Learning},
	booktitle = {Proceedings of the 31st International Conference on International Conference on Machine Learning - Volume 32},
	series = {ICML'14},
	year = {2014},
	location = {Beijing, China},
	pages = {306--314},

} 

@Misc{Dirichlet_Wasserstein,
	author = { H. Lavenant },
	title = { Harmonic mappings valued in the Wasserstein space },
	url = {arXiv:1712.07528v1  },
	year = { 2017 },
}


@Article{Jost,
	author="Jost, J.",
	title="Equilibrium maps between metric spaces",
	journal="Calculus of Variations and Partial Differential Equations",
	year="1994",
	month="May",
	day="01",
	volume="2",
	number="2",
	pages="173--204",
}

@book{ambrosio2005gradient,
	title={Gradient Flows: In Metric Spaces and in the Space of Probability Measures},
	author={Ambrosio, L. and Gigli, N. and Savare, G.},
	isbn={9783764324285},
	lccn={2005041017},
	series={Lectures in Mathematics. ETH Z{\"u}rich},
	year={2005},
	publisher={Birkh{\"a}user Basel}
}



@incollection{Hypergraph_Clustering,
	title = {Learning with Hypergraphs: Clustering, Classification, and Embedding},
	author = {Zhou, D. and Jiayuan H. and Sch\"{o}lkopf, B.},
	booktitle = {Advances in Neural Information Processing Systems 19},
	pages = {1601--1608},
	year = {2007},
	publisher = {MIT Press},
	}

@Misc{Hypergraph_Jost,
	author = {J. Jost and R. Mulas},
	title = {Hypergraph Laplace Operators for Chemical Reaction Networks},
	url = {arXiv:1804.01474v1},
	year = { 2018},
}

@article{DSS2013,
abstract = {In this article, we study the approximation of a probability measure $\mu$ on R d by its empirical measur{\^{e}} $\mu$ N interpreted as a random quantization. As error criterion we consider an averaged pth moment Wasserstein metric. In the case where 2p {\textless} d, we establish fine upper and lower bounds for the error, a high resolution formula. Moreover, we provide a universal estimate based on moments, a Pierce type estimate. In particular, we show that quantization by empirical measures is of optimal order under weak assumptions. R{\'{e}}sum{\'{e}}. Dans cet article, nous {\'{e}}tudions l'approximation d'une mesure de probabilit{\'{e}} $\mu$ sur R d par sa mesure empiriqu{\^{e}} $\mu$ N , interpr{\'{e}}t{\'{e}}e comme quantification al{\'{e}}atoire. Comme crit{\`{e}}re d'erreur, nous consid{\'{e}}rons une moyenne de m{\'{e}}trique de Wasserstein d'ordre p. Dans le cas 2p {\textless} d, nous {\'{e}}tablissons des bornes sup{\'{e}}rieures et inf{\'{e}}rieures am{\'{e}}lior{\'{e}}es pour l'erreur, une formule haute r{\'{e}}-solution. De plus, nous donnons une estimation universelle {\`{a}} base de moments, nomm{\'{e}}ee estimation du type Pierce. En particulier, nous prouvons que, sous de faibles hypoth{\`{e}}ses, la quantification par des mesures empiriques est d'ordre optimal. MSC: Primary 60F25; secondary 65D32},
author = {Dereich, Steffen and Scheutzow, Michael and Schottstedt, Reik},
doi = {10.1214/12-AIHP489},
file = {:Users/trgao10/Library/Application Support/Mendeley Desktop/Downloaded/Dereich, Scheutzow, Schottstedt - 2013 - Constructive Quantization Approximation by Empirical Measures.pdf:pdf},
journal = {Annales de l'Institut Henri Poincar{\'{e}} - Probabilit{\'{e}}s et Statistiques},
number = {4},
pages = {1183--1203},
title = {{Constructive Quantization: Approximation by Empirical Measures}},
url = {https://projecteuclid.org/download/pdfview{\_}1/euclid.aihp/1380718743},
volume = {49},
year = {2013}
}
@article{Lei2018,
abstract = {We provide upper bounds of the expected Wasserstein distance between a probability measure and its empirical version, generalizing recent results for finite dimensional Euclidean spaces and bounded functional spaces. Such a generalization can cover Euclidean spaces with large dimensionality, with the optimal dependence on the dimensionality. Our method also covers the important case of Gaussian processes in separable Hilbert spaces, with rate-optimal upper bounds for functional data distributions whose coordinates decay geometrically or polynomially. Moreover, our bounds of the expected value can be combined with mean-concentration results to yield improved exponential tail probability bounds for the Wasserstein error of empirical measures under a Bernstein-type tail condition.},
archivePrefix = {arXiv},
arxivId = {1804.10556},
author = {Lei, Jing},
eprint = {1804.10556},
file = {:Users/trgao10/Library/Application Support/Mendeley Desktop/Downloaded/Lei - 2018 - Convergence and Concentration of Empirical Measures under Wasserstein Distance in Unbounded Functional Spaces.pdf:pdf},
journal = {arxiv preprint},
month = {apr},
title = {{Convergence and Concentration of Empirical Measures under Wasserstein Distance in Unbounded Functional Spaces}},
url = {http://arxiv.org/abs/1804.10556},
year = {2018}
}

@article{FG2015,
author = {Fournier, Nicolas and Guillin, Arnaud},
doi = {10.1007/s00440-014-0583-7},
journal = {Probability Theory and Related Fields},
month = {aug},
number = {3-4},
pages = {707--738},
publisher = {Springer Berlin Heidelberg},
title = {{On the Rate of Convergence in Wasserstein Distance of the Empirical Measure}},
url = {http://link.springer.com/10.1007/s00440-014-0583-7},
volume = {162},
year = {2015}
}
@article{SP2018,
abstract = {The Wasserstein metric is an important measure of distance between probability distributions, with applications in machine learning, statistics, probability theory, and data analysis. This paper provides upper and lower bounds on statistical minimax rates for the problem of estimating a probability distribution under Wasserstein loss, using only metric properties, such as covering and packing numbers, of the sample space, and weak moment assumptions on the probability distributions.},
archivePrefix = {arXiv},
arxivId = {1802.08855},
author = {Singh, Shashank and P{\'{o}}czos, Barnab{\'{a}}s},
eprint = {1802.08855},
file = {:Users/trgao10/Library/Application Support/Mendeley Desktop/Downloaded/Singh, P{\'{o}}czos - 2018 - Minimax Distribution Estimation in Wasserstein Distance.pdf:pdf},
journal = {arxiv preprint},
month = {feb},
title = {{Minimax Distribution Estimation in Wasserstein Distance}},
url = {http://arxiv.org/abs/1802.08855},
year = {2018}
}


@article{BLG2014,
abstract = {In this work, we provide non-asymptotic bounds for the average speed of convergence of the empirical measure in the law of large numbers, in Wasserstein distance. We also consider occupation measures of ergodic Markov chains. One motivation is the approximation of a probability measure by finitely supported measures (the quantization problem). It is found that rates for empirical or occupation measures match or are close to previously known optimal quantization rates in several cases. This is notably highlighted in the example of infinite-dimensional Gaussian measures. R{\'{e}}sum{\'{e}}. Dans ce travail, on exhibe des bornes non asymptotiques pour la vitesse de convergence en moyenne de la mesure empirique dans la loi des grands nombres, en distance de Wasserstein. On consid{\`{e}}re {\'{e}}galement la mesure d'occupation d'une cha{\^{i}}ne de Markov ergodique. L'une des motivations est l'approximation d'une mesure de probabilit{\'{e}} par des mesures {\`{a}} support fini (le probl{\`{e}}me de la quantification). On d{\'{e}}termine que les taux de convergence des mesures empiriques ou des mesures d'occupation correspondent dans plusieurs cas aux taux de quantification optimale d{\'{e}}j{\`{a}} {\'{e}}tablis par ailleurs. Ce fait est notamment {\'{e}}tabli pour des mesures gaussiennes dans des espaces de dimension infinie. MSC: 60B10; 65C50; 60J05},
author = {Boissard, Emmanuel and {Le Gouic}, Thibaut},
doi = {10.1214/12-AIHP517},
file = {:Users/trgao10/Library/Application Support/Mendeley Desktop/Downloaded/Boissard, Le Gouic - 2014 - On the Mean Speed of Convergence of Empirical and Occupation Measures in Wasserstein Distance.pdf:pdf},
journal = {Annales de l'Institut Henri Poincar{\'{e}} - Probabilit{\'{e}}s et Statistiques},
number = {2},
pages = {539--563},
title = {{On the Mean Speed of Convergence of Empirical and Occupation Measures in Wasserstein Distance}},
url = {www.imstat.org/aihpAnnalesdel'},
volume = {50},
year = {2014}
}


@article{David1988,
author = {David, Guy},
doi = {10.4171/RMI/64},
file = {:Users/trgao10/Library/Application Support/Mendeley Desktop/Downloaded/David - 1988 - Morceaux de Graphes Lipschitziens et Int{\'{e}}grales Singuli{\`{e}}res sur une Surface.pdf:pdf},
issn = {0213-2230},
journal = {Revista Matem{\'{a}}tica Iberoamericana},
month = {apr},
number = {1},
pages = {73--114},
title = {{Morceaux de Graphes Lipschitziens et Int{\'{e}}grales Singuli{\`{e}}res sur une Surface}},
url = {http://www.ems-ph.org/doi/10.4171/RMI/64},
volume = {4},
year = {1988}
}

@inproceedings{Hypergraph_Asoodeh,
	author = {S. Asoodeh and T. Gao and J. Evans},
	title = {Curvature of Hypergraphs via Multi-Marginal Optimal Transport},
	booktitle = {The 57th IEEE Conference on Decision and Control (CDC 2018)},
	url = {arXiv:1803.08584v1},
	year = { 2018},
}

@inproceedings{Hypergraph_Kannan,
	title = {An Active Learning Framework using Sparse-Graph Codes for Sparse Polynomials and Graph Sketching},
	author = {Li, X. and Ramchandran, K.},
	booktitle = {Advances in Neural Information Processing Systems 28},
	pages = {2170--2178},
	year = {2015},
}

@inproceedings{Hypergraph_Game,
	title = {A Game-Theoretic Approach to Hypergraph Clustering},
	author = {S. R. Bul\`{o} and M. Pelillo},
	booktitle = {Advances in Neural Information Processing Systems 22},
	pages = {1571--1579},
	year = {2009},
	}

@inproceedings{Hypergraph_Olgica,
	title = {Inhomogeneous Hypergraph Clustering with Applications},
	author = {Li, P. and Milenkovic, O.},
	booktitle = {Advances in Neural Information Processing Systems 30},
	pages = {2308--2318},
	year = {2017},
}

@inproceedings{Hypergraph_TV,
	author = {Hein, M. and Setzer, S. and Jost, L. and Rangapuram, S. S.},
	title = {The Total Variation on Hypergraphs - Learning on Hypergraphs Revisited},
	booktitle = {Advances in Neural Information Processing Systems},
	year = {2013},
	pages = {2427--2435},
} 

@inproceedings{KLvsWass,
	title = "A distance for HMMS based on aggregated wasserstein metric and state registration",
	author = "Y. Chen and J. Ye and J. Li",
	year = "2016",
	month = "1",
	pages = "451--466",
	booktitle = "Proceedings European Conference",
}


@book{villani2003topics,
	title={Topics in Optimal Transportation},
	author={Villani, C.},
	series={Graduate studies in mathematics},
	year={2003},
	publisher={American Mathematical Society}
}



@Misc{Barycenter_Variance,
	author = {Y. H Kim, B. Pass},
	title = {Nonpositive curvature, the variance functional, and the Wasserstein barycenter},
	url = {arXiv:1503.06460v1},
	year = { 2015},
}


@book{Cover:2006,
	author = {Cover, T. M. and Thomas, J. A.},
	title = {Elements of Information Theory},
	year = {2006},
	publisher = {Wiley-Interscience},
	address = {New York, NY, USA},
} 

@article{Barycenter_FixedPoint,
	title = "A fixed-point approach to barycenters in Wasserstein space",
	journal = "Journal of Mathematical Analysis and Applications",
	volume = "441",
	number = "2",
	pages = "744 - 762",
	year = "2016",
	author = "P. C. \~{A}lvarez-Esteban and E. del Barrio and J.A. Cuesta-Albertos and C. Matr\'an",
}



@article{Image_Labeling,
author = {H\"uhnerbein, R. and Savarino, F. and Astr\"om, F. and Schn\"orr, C.},
title = {Image Labeling Based on Graphical Models Using Wasserstein Messages and Geometric Assignment},
journal = {SIAM Journal on Imaging Sciences},
volume = {11},
number = {2},
pages = {1317-1362},
year = {2018},
}




@inproceedings{HypergraphScalable,
 author = {Huang, Jin and Zhang, Rui and Yu, Jeffrey Xu},
 title = {Scalable Hypergraph Learning and Processing},
 booktitle = {Proc.\ of IEEE Int. Conf. on Data Mining (ICDM)},
 year = {2015},
 pages = {775-780},
} 

@article{Algorithmic_Stability,
 author = {Bousquet, O. and Elisseeff, A.},
 title = {Stability and Generalization},
 journal = {J. Mach. Learn. Res.},
 volume = {2},
 month = {March},
 year = {2002},
 pages = {499-526},
} 





@article{Label_Propa_100,
 author = {L. Petegrosso and W. Zhang, Z. Li and Y. Saad and R. Kuang},
 title = {Low rank label propagation for semi-supervised learning with 1000 millions samples},
 month = {Feb.},
 year = {2017},
 journal = "arxiv preprint",
 url = {arXiv:1702.08884v1},
} 


@article{Generalization_semi,
  author    = {Y. Yang and F. Liang and
N. Jojic and S. Yan and J. Feng and T. S. Huang},
  title     = {Discriminative Similarity for Clustering and Semi-Supervised Learning},
  month     ={Sep.},
  journal = "arxiv preprint",
  year      = {2017},
  url       = {arXiv:1709.01231v1},
}

@inproceedings{Belkin2004,
author = {Belkin, Mikhail and Matveeva, Irina and Niyogi, Partha},
booktitle = {International Conference on Computational Learning Theory},
organization = {Springer},
pages = {624--638},
title = {{Regularization and Semi-Supervised Learning on Large Graphs}},
year = {2004}
}
@article{Otto2001,
author = {Otto, Felix},
doi = {10.1081/PDE-100002243},
journal = {Communications in Partial Differential Equations},
number = {1-2},
pages = {101--174},
publisher = {Taylor {\&} Francis},
title = {{The Geometry of Dissipative Evolution Equations: the Porous Medium Equation}},
volume = {26},
year = {2001}
}

@article{LottVillani2009,
author = {Lott, John and Villani, C{\'{e}}dric},
journal = {Annals of Mathematics},
pages = {903--991},
publisher = {JSTOR},
title = {{Ricci Curvature for Metric-Measure Spaces via Optimal Transport}},
year = {2009}
}

@book{AGS2008,
author = {Ambrosio, Luigi and Gigli, Nicola and Savar{\'{e}}, Giuseppe},
publisher = {Springer Science {\&} Business Media},
title = {{Gradient Flows: in Metric Spaces and in the Space of Probability Measures}},
year = {2008}
}

@ARTICLE{min_Sum, 
author={C. C. Moallemi and B. Van Roy}, 
journal={IEEE Trans. Inf. Theory},
title={Convergence of Min-Sum Message Passing for Quadratic Optimization}, 
year={2009}, 
volume={55}, 
number={5}, 
pages={2413-2423}, 
keywords={convergence;message passing;minimisation;quadratic programming;min-sum message passing;quadratic optimization;min-sum message passing algorithm;minimization;convex decomposition;Gaussian belief propagation;Convergence;Message passing;Graphical models;Belief propagation;Decoding;Linear programming;Minimization methods;Heuristic algorithms;Sum product algorithm;Parity check codes;Decentralized optimization;message-passing algorithms}, 
doi={10.1109/TIT.2009.2016055}, 
ISSN={0018-9448}, 
month={May},}

@article{bigot2017,
author = "Bigot, J. and Gouet, R. and Klein, T. and L\'opez, A.",
journal = "Ann. Inst. H. Poincar\'e Probab. Statist.",
month = "02",
number = "1",
pages = "1-26",
title = "Geodesic {PCA} in the Wasserstein space by convex {PCA}",
volume = "53",
year = "2017"
}

@article{DW1979,
author = {Devroye, L. and Wagner, T.},
doi = {10.1109/TIT.1979.1056087},
issn = {0018-9448},
journal = {IEEE Transactions on Information Theory},
month = {sep},
number = {5},
pages = {601--604},
title = {{Distribution-free performance bounds for potential function rules}},
url = {http://ieeexplore.ieee.org/document/1056087/},
volume = {25},
year = {1979}
}

@book{villani2008optimal,
  title={Optimal transport: old and new},
  author={Villani, C{\'e}dric},
  volume={338},
  year={2008},
  publisher={Springer Science \& Business Media}
}

@article{HS1997,
author = {Holopainen, Ilkka and Soardi, Paolo M.},
doi = {10.1007/BF02677841},
file = {:Users/trgao10/Library/Application Support/Mendeley Desktop/Downloaded/Holopainen, Soardi - 1997 - {\$}p{\$}-Harmonic Functions on Graphs and Manifolds.pdf:pdf},
journal = {Manuscripta Mathematica},
month = {dec},
number = {1},
pages = {95--110},
publisher = {Springer-Verlag},
title = {{{\$}p{\$}-Harmonic Functions on Graphs and Manifolds}},
url = {http://link.springer.com/10.1007/BF02677841},
volume = {94},
year = {1997}
}

@article{CCK2007,
author = {Chung, Soon-Yeong and Chung, Yun-Sung and Kim, Jong-Ho},
doi = {10.2977/prims/1201012039},
file = {:Users/trgao10/Library/Application Support/Mendeley Desktop/Downloaded/Chung, Chung, Kim - 2007 - Diffusion and Elastic Equations on Networks.pdf:pdf},
issn = {0034-5318},
journal = {Publications of the Research Institute for Mathematical Sciences},
keywords = {Discrete Laplacian,diffusion kernel,elastic kernel},
month = {sep},
number = {3},
pages = {699--725},
title = {{Diffusion and Elastic Equations on Networks}},
url = {http://www.ems-ph.org/doi/10.2977/prims/1201012039},
volume = {43},
year = {2007}
}